<?xml version="1.0" encoding="UTF-8"?>
<record xmlns="http://www.loc.gov/MARC21/slim">
   <leader>00857cam a2200229 a 4500</leader>
   <controlfield tag="001">375604</controlfield>
   <controlfield tag="003">NjP</controlfield>
   <controlfield tag="005">20120521202701.0</controlfield>
   <controlfield tag="008">870116s1956    iq af         00010 ara d</controlfield>
   <datafield tag="024" ind1="7" ind2=" ">
      <subfield code="a">princeton_aco004118</subfield>
      <subfield code="2">local</subfield>
   </datafield>
   <datafield ind1=" " ind2=" " tag="035">
      <subfield code="a">(OCoLC)56015247</subfield>
   </datafield>
   <datafield ind1=" " ind2=" " tag="035">
      <subfield code="a">(CStRLIN)NJPG87-B2455</subfield>
   </datafield>
   <datafield ind1=" " ind2=" " tag="035">
      <subfield code="9">ABV1044TS</subfield>
   </datafield>
   <datafield ind1=" " ind2=" " tag="040">
      <subfield code="a">NjP</subfield>
      <subfield code="c">NjP</subfield>
   </datafield>
   <datafield ind1=" " ind2=" " tag="043">
      <subfield code="a">a-iq---</subfield>
   </datafield>
   <datafield ind1="1" ind2=" " tag="100">
      <subfield code="a">Khalīlī, Jaʻfar.</subfield>
   </datafield>
   <datafield ind1="1" ind2="3" tag="245">
      <subfield code="a">al-Tumūr qadīman wa-ḥadīthan :</subfield>
      <subfield code="b">baḥth shāmil ʻan al-nakhīl wa-al-tumūr al-ʻIrāqīyah min awwal nashʾatihā ilá ākhir marāḥil istihlākihā /</subfield>
      <subfield code="c">taʾlīf Jaʻfar al-Khalīlī.</subfield>
   </datafield>
   <datafield ind1=" " ind2=" " tag="260">
      <subfield code="a">Baghdād :</subfield>
      <subfield code="b">Maṭbaʻat al-Maʻārif,</subfield>
      <subfield code="c">1956.</subfield>
   </datafield>
   <datafield ind1=" " ind2=" " tag="300">
      <subfield code="a">515 p.,[5] p. of folded plates ;</subfield>
      <subfield code="c">25 cm.</subfield>
   </datafield>
   <datafield ind1=" " ind2="0" tag="650">
      <subfield code="a">Date</subfield>
      <subfield code="z">Iraq.</subfield>
   </datafield>
   <datafield ind1=" " ind2="0" tag="650">
      <subfield code="a">Date-palm</subfield>
      <subfield code="z">Iraq.</subfield>
   </datafield>
   <datafield ind1=" " ind2=" " tag="998">
      <subfield code="a">09/01/88</subfield>
      <subfield code="s">9118</subfield>
      <subfield code="n">NjP</subfield>
      <subfield code="w">NJPG87B2455</subfield>
      <subfield code="d">01/16/87</subfield>
      <subfield code="c">DGH</subfield>
      <subfield code="b">DGH</subfield>
      <subfield code="i">880901</subfield>
      <subfield code="l">NJPG</subfield>
   </datafield>
   <datafield ind1=" " ind2=" " tag="911">
      <subfield code="a">19921028</subfield>
   </datafield>
   <datafield ind1=" " ind2=" " tag="912">
      <subfield code="a">19900827000000.0</subfield>
   </datafield>
   <datafield ind1="0" ind2="0" tag="852">
      <subfield code="0">410204</subfield>
      <subfield code="b">rcppa</subfield>
      <subfield code="t">1</subfield>
      <subfield code="h">SB364</subfield>
      <subfield code="i">.K42</subfield>
      <subfield code="x">tr fr arab</subfield>
   </datafield>
   <datafield ind1=" " ind2=" " tag="959">
      <subfield code="a">2000-06-13 00:00:00 -0400</subfield>
   </datafield>
</record>
